
@article{methot_stock_2013,
	title = {Stock synthesis: {A} biological and statistical framework for fish stock assessment and fishery management},
	volume = {142},
	issn = {01657836},
	shorttitle = {Stock synthesis},
	url = {http://linkinghub.elsevier.com/retrieve/pii/S0165783612003293},
	doi = {10.1016/j.fishres.2012.10.012},
	language = {en},
	urldate = {2014-05-15},
	journal = {Fisheries Research},
	author = {Methot, Richard D. and Wetzel, Chantell R.},
	month = may,
	year = {2013},
	pages = {86--99},
	file = {Methot and Wetzel - 2013 - Stock synthesis A biological and statistical fram.pdf:C\:\\Users\\Chantel.Wetzel\\AppData\\Roaming\\Zotero\\Zotero\\Profiles\\0u2lkieq.default\\zotero\\storage\\S39WU2T9\\Methot and Wetzel - 2013 - Stock synthesis A biological and statistical fram.pdf:application/pdf;Methot_Wetzel_2013_SuplMat_orig.pdf:C\:\\Users\\Chantel.Wetzel\\AppData\\Roaming\\Zotero\\Zotero\\Profiles\\0u2lkieq.default\\zotero\\storage\\IFTF9RVE\\Methot_Wetzel_2013_SuplMat_orig.pdf:application/pdf;Methot_Wetzel_2013_SuplMat_updated.pdf:C\:\\Users\\Chantel.Wetzel\\AppData\\Roaming\\Zotero\\Zotero\\Profiles\\0u2lkieq.default\\zotero\\storage\\FEEG46H2\\Methot_Wetzel_2013_SuplMat_updated.pdf:application/pdf}
}

@article{francis_data_2011,
	title = {Data weighting in statistical fisheries stock assessment models},
	volume = {68},
	issn = {0706-652X, 1205-7533},
	url = {http://www.nrcresearchpress.com/doi/abs/10.1139/f2011-025},
	doi = {10.1139/f2011-025},
	language = {en},
	number = {6},
	urldate = {2016-06-29},
	journal = {Canadian Journal of Fisheries and Aquatic Sciences},
	author = {Francis, R.I.C. Chris and Hilborn, Ray},
	month = jun,
	year = {2011},
	pages = {1124--1138},
	file = {Francis_2011_DataWeighting.pdf:C\:\\Users\\Chantel.Wetzel\\AppData\\Roaming\\Zotero\\Zotero\\Profiles\\0u2lkieq.default\\zotero\\storage\\NAQX3IC8\\Francis_2011_DataWeighting.pdf:application/pdf}
}

@article{methot_adjusting_2011,
	title = {Adjusting for bias due to variability of estimated recruitments in fishery assessment models},
	volume = {68},
	issn = {0706-652X, 1205-7533},
	url = {http://www.nrcresearchpress.com/doi/abs/10.1139/f2011-092},
	doi = {10.1139/f2011-092},
	language = {en},
	number = {10},
	urldate = {2016-06-29},
	journal = {Canadian Journal of Fisheries and Aquatic Sciences},
	author = {Methot, Richard D. and Taylor, Ian G. and Chen, Yong},
	month = oct,
	year = {2011},
	pages = {1744--1760},
	file = {Methot_and_Taylor_BiasAdjustment.pdf:C\:\\Users\\Chantel.Wetzel\\AppData\\Roaming\\Zotero\\Zotero\\Profiles\\0u2lkieq.default\\zotero\\storage\\59445A8Z\\Methot_and_Taylor_BiasAdjustment.pdf:application/pdf}
}

@article{punt_quantifying_2008,
	title = {Quantifying age-reading error for use in fisheries stock assessments, with application to species in {Australia}’s southern and eastern scalefish and shark fishery},
	volume = {65},
	issn = {0706-652X, 1205-7533},
	url = {http://www.nrcresearchpress.com/doi/abs/10.1139/F08-111},
	doi = {10.1139/F08-111},
	language = {en},
	number = {9},
	urldate = {2016-06-29},
	journal = {Canadian Journal of Fisheries and Aquatic Sciences},
	author = {Punt, André E. and Smith, David C. and KrusicGolub, Kyne and Robertson, Simon},
	month = sep,
	year = {2008},
	pages = {1991--2005},
	file = {Punt 2008 Ageing Error.pdf:C\:\\Users\\Chantel.Wetzel\\AppData\\Roaming\\Zotero\\Zotero\\Profiles\\0u2lkieq.default\\zotero\\storage\\NHJTG4KH\\Punt 2008 Ageing Error.pdf:application/pdf}
}

@article{piner_evaluation_2016,
	title = {Evaluation of using random-at-length observations and an equilibrium approximation of the population age structure in fitting the von {Bertalanffy} growth function},
	volume = {180},
	issn = {01657836},
	url = {http://linkinghub.elsevier.com/retrieve/pii/S0165783615001733},
	doi = {10.1016/j.fishres.2015.05.024},
	language = {en},
	urldate = {2016-07-11},
	journal = {Fisheries Research},
	author = {Piner, Kevin R. and Lee, Hui-Hua and Maunder, Mark N.},
	month = aug,
	year = {2016},
	pages = {128--137},
	file = {Piner_etal_inpress_vonBert.pdf:C\:\\Users\\Chantel.Wetzel\\AppData\\Roaming\\Zotero\\Zotero\\Profiles\\0u2lkieq.default\\zotero\\storage\\6M8FH22Q\\Piner_etal_inpress_vonBert.pdf:application/pdf}
}

@article{thorson_geostatistical_2015,
	title = {Geostatistical delta-generalized linear mixed models improve precision for estimated abundance indices for {West} {Coast} groundfishes},
	volume = {72},
	issn = {1054-3139, 1095-9289},
	url = {http://icesjms.oxfordjournals.org/cgi/doi/10.1093/icesjms/fsu243},
	doi = {10.1093/icesjms/fsu243},
	language = {en},
	number = {5},
	urldate = {2016-07-11},
	journal = {ICES Journal of Marine Science},
	author = {Thorson, J. T. and Shelton, A. O. and Ward, E. J. and Skaug, H. J.},
	month = jun,
	year = {2015},
	pages = {1297--1310},
	file = {Thorson_etal_2015_GeoStat.pdf:C\:\\Users\\Chantel.Wetzel\\AppData\\Roaming\\Zotero\\Zotero\\Profiles\\0u2lkieq.default\\zotero\\storage\\G3869X5W\\Thorson_etal_2015_GeoStat.pdf:application/pdf}
}

@article{hamel_method_2015,
	title = {A method for calculating a meta-analytical prior for the natural mortality rate using multiple life history correlates},
	volume = {72},
	issn = {1054-3139, 1095-9289},
	url = {http://icesjms.oxfordjournals.org/content/72/1/62},
	doi = {10.1093/icesjms/fsu131},
	language = {en},
	number = {1},
	urldate = {2016-10-16},
	journal = {ICES Journal of Marine Science: Journal du Conseil},
	author = {Hamel, Owen S.},
	month = jan,
	year = {2015},
	pages = {62--69},
	file = {Full Text PDF:C\:\\Users\\Chantel.Wetzel\\AppData\\Roaming\\Zotero\\Zotero\\Profiles\\0u2lkieq.default\\zotero\\storage\\7AJZRBNR\\Hamel - 2015 - A method for calculating a meta-analytical prior f.pdf:application/pdf;Snapshot:C\:\\Users\\Chantel.Wetzel\\AppData\\Roaming\\Zotero\\Zotero\\Profiles\\0u2lkieq.default\\zotero\\storage\\WCPFXKJA\\62.full.html:text/html}
}

@article{francis_use_1992,
	title = {Use of {Risk} {Analysis} to {Assess} {Fishery} {Management} {Strategies}: {A} {Case} {Study} using {Orange} {Roughy} (\textit{{Hoplostethus} atlanticus}) on the {Chatham} {Rise}, {New} {Zealand}},
	volume = {49},
	issn = {0706-652X},
	shorttitle = {Use of {Risk} {Analysis} to {Assess} {Fishery} {Management} {Strategies}},
	abstract = {Risk analysis can enhance the value of scientific advice to fishery managers by expressing the uncertainty inherent in stock assessments in terms of biological risk. I present a case study involving an overexploited population of orange roughy (Hoplostethus atlanticus) on the Chatham Rise, New Zealand. This analysis quantifies the risk to the fishery and shows how this decreases as the rate of reduction in total allowble catch increases. The technique helps fishery managers balance biological risk against economic risk. Ways of generalizing the technique are discussed., Une analyse des risques peut améliorer la valeur des conseils scientifiques fournis à des gestionnaires des pêches parce qu'elle exprime l'incertitude propre aux évaluations de stock en termes de risques biologiques. L'auteur présente une étude de cas portant sur une population surexploitée d'hoplostète orange (Hoplostethus atlanticus) peuplant le massif Chatham, en Nouvelle-Zélande. L'analyse quantifie le risque pour la pêche et montre comment il diminue en fonction d'une augmentation du taux de réduction du total des prises allouées. Cette méthode aidera les gestionnaires des pêches à équilibrer le risque biologique et le risque économique. L'auteur examine aussi divers moyens de généraliser cette méthode.},
	journal = {Canadian Journal of Fisheries and Aquatic Sciences},
	author = {Francis, R. I C. C.},
	month = may,
	year = {1992},
	pages = {922--930},
	file = {NRC Research Press Snapshot:C\:\\Users\\Chantel.Wetzel\\AppData\\Roaming\\Zotero\\Zotero\\Profiles\\0u2lkieq.default\\zotero\\storage\\SUIE7GHH\\f92-102.html:text/html}
}

@article{dick_meta-analysis_2017,
	title = {A meta-analysis of fecundity in rockfishes (genus \textit{{Sebastes}})},
	volume = {187},
	issn = {01657836},
	url = {http://linkinghub.elsevier.com/retrieve/pii/S0165783616303745},
	doi = {10.1016/j.fishres.2016.11.009},
	language = {en},
	urldate = {2016-12-27},
	journal = {Fisheries Research},
	author = {Dick, E.J. and Beyer, Sabrina and Mangel, Marc and Ralston, Stephen},
	month = mar,
	year = {2017},
	pages = {73--85},
	file = {Dick_2017_rockfish_fecundity.pdf:C\:\\Users\\Chantel.Wetzel\\AppData\\Roaming\\Zotero\\Zotero\\Profiles\\0u2lkieq.default\\zotero\\storage\\C5WAVDRH\\Dick_2017_rockfish_fecundity.pdf:application/pdf}
}

@article{thorson_accounting_2014,
	title = {Accounting for vessel effects when standardizing catch rates from cooperative surveys},
	volume = {155},
	issn = {01657836},
	url = {http://linkinghub.elsevier.com/retrieve/pii/S0165783614000836},
	doi = {10.1016/j.fishres.2014.02.036},
	language = {en},
	urldate = {2017-02-20},
	journal = {Fisheries Research},
	author = {Thorson, James T. and Ward, Eric J.},
	month = jul,
	year = {2014},
	pages = {168--176},
	file = {Thorson and Ward - 2014 - Accounting for vessel effects when standardizing c.pdf:C\:\\Users\\Chantel.Wetzel\\AppData\\Roaming\\Zotero\\Zotero\\Profiles\\0u2lkieq.default\\zotero\\storage\\9F9CR5DH\\Thorson and Ward - 2014 - Accounting for vessel effects when standardizing c.pdf:application/pdf}
}

@article{thorson_accounting_2013,
	title = {Accounting for space–time interactions in index standardization models},
	volume = {147},
	issn = {01657836},
	url = {http://linkinghub.elsevier.com/retrieve/pii/S0165783613000805},
	doi = {10.1016/j.fishres.2013.03.012},
	language = {en},
	urldate = {2017-02-20},
	journal = {Fisheries Research},
	author = {Thorson, James T. and Ward, Eric J.},
	month = oct,
	year = {2013},
	pages = {426--433},
	file = {Thorson and Ward - 2013 - Accounting for space–time interactions in index st.pdf:C\:\\Users\\Chantel.Wetzel\\AppData\\Roaming\\Zotero\\Zotero\\Profiles\\0u2lkieq.default\\zotero\\storage\\CB828THB\\Thorson and Ward - 2013 - Accounting for space–time interactions in index st.pdf:application/pdf}
}

@article{stewart_bootstrapping_2014,
	title = {Bootstrapping of sample sizes for length- or age-composition data used in stock assessments},
	volume = {71},
	issn = {0706-652X, 1205-7533},
	url = {http://www.nrcresearchpress.com/doi/abs/10.1139/cjfas-2013-0289},
	doi = {10.1139/cjfas-2013-0289},
	language = {en},
	number = {4},
	urldate = {2017-02-22},
	journal = {Canadian Journal of Fisheries and Aquatic Sciences},
	author = {Stewart, Ian J. and Hamel, Owen S.},
	month = apr,
	year = {2014},
	pages = {581--588},
	file = {Stewart et al. - 2014 - Bootstrapping of sample sizes for length- or age-c.pdf:C\:\\Users\\Chantel.Wetzel\\AppData\\Roaming\\Zotero\\Zotero\\Profiles\\0u2lkieq.default\\zotero\\storage\\Q3G9KPEA\\Stewart et al. - 2014 - Bootstrapping of sample sizes for length- or age-c.pdf:application/pdf}
}

@techreport{archibald_growth_1981,
	type = {1048},
	title = {Growth and mortality estimates of rockfish (\textit{{Scorpaenidae}}) from {B}.{C}. coastal waters, 1977-79.},
	url = {http://www.dfo-mpo.gc.ca/Library/38832.pdf},
	urldate = {2017-02-27},
	author = {Archibald, C.P. and Shaw, W. and Leaman, B. M.},
	year = {1981},
	pages = {57},
	file = {38832.pdf:C\:\\Users\\Chantel.Wetzel\\AppData\\Roaming\\Zotero\\Zotero\\Profiles\\0u2lkieq.default\\zotero\\storage\\NZ2EMZNT\\38832.pdf:application/pdf}
}

@article{beamish_new_1979,
	title = {New information on the longevity of {Pacific} ocean perch (\textit{{Sebastes} alutus})},
	volume = {36},
	url = {http://www.nrcresearchpress.com/doi/pdf/10.1139/f79-199},
	urldate = {2017-02-27},
	journal = {Journal of Fisheries Research Board Canada},
	author = {Beamish, R.J.},
	year = {1979},
	pages = {1395--1400},
	file = {f79-199.pdf:C\:\\Users\\Chantel.Wetzel\\AppData\\Roaming\\Zotero\\Zotero\\Profiles\\0u2lkieq.default\\zotero\\storage\\M6NWNJEI\\f79-199.pdf:application/pdf}
}

@article{brooks_general_1998,
	title = {General methods for monitoring convergence of iterative simulations},
	volume = {7},
	url = {http://www.tandfonline.com/doi/abs/10.1080/10618600.1998.10474787},
	number = {4},
	urldate = {2017-02-27},
	journal = {Journal of computational and graphical statistics},
	author = {Brooks, Stephen P. and Gelman, Andrew},
	year = {1998},
	pages = {434--455},
	file = {BrooksGelman.pdf:C\:\\Users\\Chantel.Wetzel\\AppData\\Roaming\\Zotero\\Zotero\\Profiles\\0u2lkieq.default\\zotero\\storage\\8QCQM4CM\\BrooksGelman.pdf:application/pdf}
}

@book{chilton_age_1982,
	address = {[Ottawa:] Minister of Supply and Services Canada},
	series = {({Canadian} special publication of fisheries and aquatic sciences},
	title = {Age determination methods for fishes studied by the {Groundfish} {Program} at the {Pacific} {Biological} {Station}},
	isbn = {978-0-660-11192-6},
	language = {eng},
	number = {60)},
	author = {Chilton, Doris E. and Beamish, Richard J.},
	collaborator = {{Kanada}},
	year = {1982},
	note = {OCLC: 251660883},
	file = {Fs41-31-60-eng.pdf:C\:\\Users\\Chantel.Wetzel\\AppData\\Roaming\\Zotero\\Zotero\\Profiles\\0u2lkieq.default\\zotero\\storage\\G5I2WDKS\\Fs41-31-60-eng.pdf:application/pdf}
}

@book{dick_modeling_2009,
	title = {Modeling the {Reproductive} {Potential} of {Rockfishes} (\textit{{Sebastes}} {Spp}.).},
	publisher = {PhD Thesis, University of Californai at Santa Cruz},
	author = {Dick, Edward Joseph},
	year = {2009},
	file = {Dick Thesis.pdf:C\:\\Users\\Chantel.Wetzel\\AppData\\Roaming\\Zotero\\Zotero\\Profiles\\0u2lkieq.default\\zotero\\storage\\WZ6ERGUN\\Dick Thesis.pdf:application/pdf}
}

@techreport{forrest_grounfish_1978,
	title = {Grounfish, shrimp, and herring fisheries in the {Bering} {Sea} and northeast {Pacific}-historical catch statistics through 1970},
	number = {Bulletin 37},
	author = {Forrest, C.R. and Beardsley, A.J. and Takahashi, Y.},
	year = {1978}
}

@article{fournier_general_1982,
	title = {A general theory for analyzing catch at age data},
	volume = {39},
	url = {http://www.nrcresearchpress.com/doi/abs/10.1139/f82-157},
	number = {8},
	urldate = {2017-02-27},
	journal = {Canadian Journal of Fisheries and Aquatic Sciences},
	author = {Fournier, David and Archibald, Chris P.},
	year = {1982},
	pages = {1195--1207},
	file = {f82-157.pdf:C\:\\Users\\Chantel.Wetzel\\AppData\\Roaming\\Zotero\\Zotero\\Profiles\\0u2lkieq.default\\zotero\\storage\\GVIZ48UA\\f82-157.pdf:application/pdf}
}

@article{fournier_multifan_1990,
	title = {{MULTIFAN} a likelihood-based method for estimating growth parameters and age composition from multiple length frequency data sets illustrated using data for southern bluefin tuna ({\textless}i{\textgreater}{Thunnus} maccoyii{\textless}i{\textgreater})},
	volume = {47},
	url = {http://www.nrcresearchpress.com/doi/abs/10.1139/f90-032},
	number = {2},
	urldate = {2017-02-27},
	journal = {Canadian journal of fisheries and aquatic sciences},
	author = {Fournier, D. A. and Sibert, John R. and Majkowski, Jacek and Hampton, John},
	year = {1990},
	pages = {301--317},
	file = {f90-032.pdf:C\:\\Users\\Chantel.Wetzel\\AppData\\Roaming\\Zotero\\Zotero\\Profiles\\0u2lkieq.default\\zotero\\storage\\EQ9FFNG8\\f90-032.pdf:application/pdf}
}

@article{fournier_multifan-cl:_1998,
	title = {{MULTIFAN}-{CL}: a length-based, age-structured model for fisheries stock assessment, with application to {South} {Pacific} albacore, {\textless}i{\textgreater}{Thunnus} alalunga{\textless}i{\textgreater}},
	volume = {55},
	shorttitle = {{MULTIFAN}-{CL}},
	url = {http://www.nrcresearchpress.com/doi/abs/10.1139/f98-100},
	number = {9},
	urldate = {2017-02-27},
	journal = {Canadian Journal of Fisheries and Aquatic Sciences},
	author = {Fournier, Daid A. and Hampton, John and Sibert, John R.},
	year = {1998},
	pages = {2105--2116},
	file = {f98-100.pdf:C\:\\Users\\Chantel.Wetzel\\AppData\\Roaming\\Zotero\\Zotero\\Profiles\\0u2lkieq.default\\zotero\\storage\\8TT2TQJ7\\f98-100.pdf:application/pdf}
}

@techreport{fraidenburg_minimum_1978,
	type = {Washington {Department} of {Fisheries}},
	title = {Minimum estimates of all nations removals, {North} {American} trawl species composition, and {CPUE} for "other rockfish" in the northeastern {Pacific} {Ocean}},
	number = {34},
	author = {Fraidenburg, M.E. and Smith, J.E. and Barss, W.H. and Jow, T.},
	year = {1978},
	pages = {31}
}

@techreport{fraidenburg_status_1978,
	title = {The status of {Pacific} ocean perch (\textit{{Sebastes} alutus}) stocks off {British} {Columbia}, {Washington} and {Oregon} in 1977},
	author = {Fraidenburg, M.E. and Westrheim, S.J. and Demory, R.L.},
	year = {1978}
}

@book{gilks_markov_1996,
	address = {London},
	title = {Markov {Chain} {Monte} {Carlo} in {Practice}},
	publisher = {Chapman and Hall},
	author = {Gilks, W.R. and Richardson, S. and Spiegelhalter, D.J.},
	year = {1996}
}

@book{gelman_bayesian_1995,
	address = {London},
	title = {Bayesian data analysis},
	publisher = {Chapman and Hall},
	author = {Gelman, Andrew and Carlin, J.B. and Stern, H.S. and Rubin, Donald B.},
	year = {1995}
}

@book{geweke_evaluating_1992,
	address = {Oxford},
	title = {Evaluating the accuracy of sampling-based approaches to the calculation of posterior moments},
	publisher = {Oxford University Press},
	author = {Geweke, J.},
	year = {1992}
}

@article{gunderson_trade-off_1997,
	title = {Trade-off between reproductive effort and adult survival in oviparous and viviparous fishes},
	volume = {54},
	number = {5},
	journal = {Canadian Journal of Fisheries and Aquatic Sciences},
	author = {Gunderson, Donald R.},
	year = {1997},
	pages = {990--998},
	file = {f97-019.pdf:C\:\\Users\\Chantel.Wetzel\\AppData\\Roaming\\Zotero\\Zotero\\Profiles\\0u2lkieq.default\\zotero\\storage\\C54FWD3D\\f97-019.pdf:application/pdf}
}

@article{gunderson_population_1977,
	title = {Population biology of {Pacific} ocean perch, \textit{{Sebastes} alutus}, stocks in the {Washington} {Queen} {Charlotte} {Sound} region and their response to fishing},
	volume = {75},
	journal = {Fishery Bulletin},
	author = {Gunderson, Donald R.},
	year = {1977},
	pages = {369--403},
	file = {Gunderson - 1977 - Population biology of Pacific ocean perch, iSeba.pdf:C\:\\Users\\Chantel.Wetzel\\AppData\\Roaming\\Zotero\\Zotero\\Profiles\\0u2lkieq.default\\zotero\\storage\\5PTGK3HZ\\Gunderson - 1977 - Population biology of Pacific ocean perch, iSeba.pdf:application/pdf}
}

@techreport{gunderson_results_1978,
	title = {Results of cohort analysis for {Pacific} ocean perch stocks off {British} {Columbia}, {Washington}, and {Oregon} and an evaluation of alternative rebuilding strategies for these stocks},
	number = {Unpublished Report},
	institution = {Pacific Fishery Management Council, 7700 Ambassador Place NE, Suite 200, Portland, OR 97220},
	author = {Gunderson, Donald R.},
	year = {1978},
	pages = {20}
}

@techreport{gunderson_updated_1981,
	type = {Unpublished report},
	title = {An updated cohort analysis for {Pacific} ocean perch stocks off {Washington} and {Oregon}.},
	institution = {Pacific Fishery Management Council, 7700 Ambassador Place NE, Suite 200, Portland, OR 97220},
	author = {Gunderson, Donald R.},
	year = {1981},
	pages = {29}
}

@book{gunderson_distribution_1980,
	title = {Distribution and abundance of rockfish off {Washington}, {Oregon} and {California} during 1977},
	publisher = {Northwest and Alaska Fisheries Center, National Marine Fisheries Service},
	author = {Gunderson, Donald Raymond and Sample, Terrance M.},
	year = {1980},
	file = {mfr423-42.pdf:C\:\\Users\\Chantel.Wetzel\\AppData\\Roaming\\Zotero\\Zotero\\Profiles\\0u2lkieq.default\\zotero\\storage\\AD9544X4\\mfr423-42.pdf:application/pdf}
}

@techreport{gunderson_status_1977,
	title = {The status of {Pacific} ocean perch (\textit{{Sebastes} alutus}) stocks off {British} {Columbia}, {Washington}, and {Oregon} in 1974},
	number = {690},
	author = {Gunderson, Donald R. and Westrheim, S.J. and Demory, R.L. and Fraidenburg, M.E.},
	year = {1977},
	pages = {63}
}

@techreport{hamel_status_2009,
	title = {Status and future prospects for the {Pacific} ocean perch resource in waters off {Washington} and {Oregon} as assessed in 2009},
	institution = {Pacific Fishery Management Council, 7700 Ambassador Place NE, Suite 200, Portland, OR 97220},
	author = {Hamel, Owen S.},
	year = {2009}
}

@techreport{hamel_status_2007,
	title = {Status and future prospects for the {Pacific} ocean perch resource in waters off {Washington} and {Oregon} as assessed in 2007},
	institution = {Pacific Fishery Management Council, 7700 Ambassador Place NE, Suite 200, Portland, OR 97220},
	author = {Hamel, Owen S.},
	year = {2007}
}

@techreport{hamel_stock_2011,
	title = {Stock {Assessment} of {Pacific} {Ocean} {Perch} in {Waters} off of the {U}.{S}. {West} {Coast} in 2011},
	institution = {Pacific Fishery Management Council, 7700 Ambassador Place NE, Suite 200, Portland, OR 97220},
	author = {Hamel, Owen S. and Ono, K.},
	year = {2011}
}

@techreport{hamel_status_nodate,
	title = {Status and future prospects for the {Pacific} ocean perch resource in waters off {Washington} and {Oregon} as assessed in 2005},
	institution = {Pacific Fishery Management Council, 7700 Ambassador Place NE, Suite 200, Portland, OR 97220},
	author = {Hamel, Owen S.},
	pages = {2005}
}

@techreport{hamel_status_2003,
	title = {Status and future prospects for the {Pacific} ocean perch resource in waters off {Washington} and {Oregon} as assessed in 2003},
	institution = {Pacific Fishery Management Council, 7700 Ambassador Place NE, Suite 200, Portland, OR 97220},
	author = {Hamel, Owen S. and Stewart, Ian J. and Punt, A. E.},
	year = {2003}
}

@techreport{hannah_length_2005,
	title = {Length and age at maturity for {Pacific} ocean perch (\textit{{Sebastes} alutus}) off {Oregon}. {ODFW}, {Newport} {Oregon}},
	institution = {Oregon Department of Fish and Wildlife},
	author = {Hannah, Robert W and Parker, Steven J},
	year = {2005}
}

@article{harley_ecosystem_2000,
	title = {Ecosystem models of the {Scotian} {Shelf}: {Estimation} of catchabilities},
	journal = {Unpublished manuscript},
	author = {Harley, Shelton J. and Myers, Ransom A and Barrowman, N. J. and Bowen, Keith G. and Amiro, E.},
	year = {2000}
}

@article{hastings_monte_1970,
	title = {Monte {Carlo} {Sampling} {Methods} {Using} {Markov} {Chains} and {Their} {Applications}},
	volume = {57},
	issn = {0006-3444},
	url = {http://www.jstor.org/stable/2334940},
	doi = {10.2307/2334940},
	abstract = {A generalization of the sampling method introduced by Metropolis et al. (1953) is presented along with an exposition of the relevant theory, techniques of application and methods and difficulties of assessing the error in Monte Carlo estimates. Examples of the methods, including the generation of random orthogonal matrices and potential applications of the methods to numerical problems arising in statistics, are discussed.},
	number = {1},
	urldate = {2017-02-28},
	journal = {Biometrika},
	author = {Hastings, W. K.},
	year = {1970},
	pages = {97--109},
	file = {JSTOR Full Text PDF:C\:\\Users\\Chantel.Wetzel\\AppData\\Roaming\\Zotero\\Zotero\\Profiles\\0u2lkieq.default\\zotero\\storage\\8CZBMK2I\\Hastings - 1970 - Monte Carlo Sampling Methods Using Markov Chains a.pdf:application/pdf}
}

@article{heidelberger_simulation_1983,
	title = {Simulation run length control in the presence of an initialntransient},
	volume = {3},
	journal = {Operations Research},
	author = {Heidelberger, P. and Welch, P.D.},
	year = {1983},
	pages = {1109--1144}
}

@article{hoenig_empirical_1983,
	title = {Empirical use of longevity data to estimate mortality rates},
	volume = {82},
	journal = {Fishery Bulletin},
	author = {Hoenig, J. M.},
	year = {1983},
	pages = {898--903},
	file = {hoenig.pdf:C\:\\Users\\Chantel.Wetzel\\AppData\\Roaming\\Zotero\\Zotero\\Profiles\\0u2lkieq.default\\zotero\\storage\\2I23CNCB\\hoenig.pdf:application/pdf}
}

@techreport{ianelli_status_1998,
	title = {Status and future prospects for the {Pacific} ocean perch resource in waters off {Washington} and {Oregon} as assessed in 1998},
	institution = {Pacific Fishery Management Council, 7700 Ambassador Place NE, Suite 200, Portland, OR 97220},
	author = {Ianelli, J. N. and Zimmermann, M.},
	year = {1998}
}

@techreport{ianelli_status_2000,
	title = {Status and future prospects for the {Pacific} ocean perch resource in waters off {Washington} and {Oregon} as assessed in 2000},
	institution = {Pacific Fishery Management Council, 7700 Ambassador Place NE, Suite 200, Portland, OR 97220},
	author = {Ianelli, J. N. and Wilkins, M. and Harley, Shelton J.},
	year = {2000}
}

@techreport{ito_status_1987,
	type = {{NOAA} {Technical} {Memorandum}},
	title = {Status and future prospects for the {Pacific} ocean perch resource in waters off {Washington} and {Oregon} as assessed in 1986},
	number = {NMFS F/NWC-113},
	institution = {U.S. Department of Commerce},
	author = {Ito, Daniel H. and Kimura, Daniel K. and Wilkins, M.},
	year = {1987},
	pages = {50}
}

@article{mccoy_predicting_2008,
	title = {Predicting natural mortality rates of plants and animals},
	volume = {11},
	issn = {1461-0248},
	url = {http://onlinelibrary.wiley.com/doi/10.1111/j.1461-0248.2008.01190.x/abstract},
	doi = {10.1111/j.1461-0248.2008.01190.x},
	abstract = {Understanding the factors that control the mortality rates of species in their natural environments is important for understanding the structure and dynamics of populations, communities and ecosystems. Here, we test a model of natural mortality that yields explicit, quantitative predictions based on the constraints of body size and temperature on individual metabolism. Extensive field data from plants, invertebrates, fish, birds and mammals indicate that much of the heterogeneity in rates of natural mortality can be predicted, despite the many extrinsic sources of mortality in natural systems. These results suggest that common ‘rule(s)’ govern mortality rates in ecological communities for organisms as diverse as plants and animals.},
	language = {en},
	number = {7},
	urldate = {2017-02-28},
	journal = {Ecology Letters},
	author = {McCoy, Michael W. and Gillooly, James F.},
	month = jul,
	year = {2008},
	keywords = {Allometry, free radical, life history, life span, metabolic theory, metabolism, mortality, Reactive oxygen species (ROS)},
	pages = {710--716},
	file = {Full Text PDF:C\:\\Users\\Chantel.Wetzel\\AppData\\Roaming\\Zotero\\Zotero\\Profiles\\0u2lkieq.default\\zotero\\storage\\QVCHZ2A9\\McCoy and Gillooly - 2008 - Predicting natural mortality rates of plants and a.pdf:application/pdf;Snapshot:C\:\\Users\\Chantel.Wetzel\\AppData\\Roaming\\Zotero\\Zotero\\Profiles\\0u2lkieq.default\\zotero\\storage\\2ZZA7A55\\abstract.html:text/html}
}

@article{pennington_estimating_1985,
	title = {Estimating the {Relative} {Abundance} of {Fish} from a {Series} of {Trawl} {Surveys}},
	volume = {41},
	issn = {0006-341X},
	url = {http://www.jstor.org/stable/2530654},
	doi = {10.2307/2530654},
	abstract = {A time series of fish abundance indices based on trawl surveys is highly contaminated by noise due to measurement error. A technique is described for the smoothing of the observed series that produces an abundance index which can have a variance considerably lower than the variance of the original index. The method is applied to haddock data from a series of groundfish trawl surveys conducted off the northeast coast of the United States.},
	number = {1},
	urldate = {2017-02-28},
	journal = {Biometrics},
	author = {Pennington, Michael},
	year = {1985},
	pages = {197--202},
	file = {JSTOR Full Text PDF:C\:\\Users\\Chantel.Wetzel\\AppData\\Roaming\\Zotero\\Zotero\\Profiles\\0u2lkieq.default\\zotero\\storage\\2AB7D3V8\\Pennington - 1985 - Estimating the Relative Abundance of Fish from a S.pdf:application/pdf}
}

@techreport{pikitch_evaluation_1988,
	title = {An evaluation of the effectiveness of trip limits as a management tool},
	url = {https://www.afsc.noaa.gov/Publications/ProcRpt/PR1988-27.pdf},
	number = {88-27},
	urldate = {2017-02-28},
	institution = {Northwest and Alaska Fisheries Center, National Marine Fisheries Service NWAFC Processed Report},
	author = {Pikitch, Ellen K. and Erickson, Daniel L. and Wallace, John R.},
	year = {1988},
	file = {PR1988-27.pdf:C\:\\Users\\Chantel.Wetzel\\AppData\\Roaming\\Zotero\\Zotero\\Profiles\\0u2lkieq.default\\zotero\\storage\\NAEA525M\\PR1988-27.pdf:application/pdf}
}

@techreport{rogers_species_2003,
	title = {Species allocation of \textit{ {Sebastes} } and \textit{{Sebastolobus}} species caught by foreign countries off {Washington}, {Oregon}, and {California}, {U}.{S}.{A}. in 1965-1976},
	institution = {Unpublished document},
	author = {Rogers, J.B.},
	year = {2003}
}

@article{seeb_genetic_1988,
	title = {Genetic variation and population structure of {Pacific} ocean perch (\textit{{Sebastes} alutus})},
	volume = {45},
	number = {1},
	journal = {Canadian Journal of Fisheries and Aquatic Sciences},
	author = {Seeb, Lisa Wishard and Gunderson, Donald R.},
	year = {1988},
	pages = {78--88},
	file = {f88-010.pdf:C\:\\Users\\Chantel.Wetzel\\AppData\\Roaming\\Zotero\\Zotero\\Profiles\\0u2lkieq.default\\zotero\\storage\\XN8HCDNR\\f88-010.pdf:application/pdf}
}

@article{wilkins_condition_1983,
	title = {Condition of the {Pacific} ocean perch resource off {Washington} and {Oregon} during 1979: {Results} of a cooperative trawl survey},
	volume = {3},
	journal = {North American Journal of Fisheries Management},
	author = {Wilkins, M.E. and Golden, J.T.},
	year = {1983},
	pages = {103--122}
}

@article{withler_co-existing_2001,
	title = {Co-existing populations of {Pacific} ocean perch, \textit{{Sebastes} alutus} , in {Queen} {Charlotte} {Sound}, {British} {Columbia}},
	volume = {139},
	issn = {0025-3162, 1432-1793},
	url = {http://link.springer.com/10.1007/s002270100560},
	doi = {10.1007/s002270100560},
	number = {1},
	urldate = {2017-02-28},
	journal = {Marine Biology},
	author = {Withler, R.E. and Beacham, T.D. and Schulze, A.D. and Richards, L.J. and Miller, K.M.},
	month = jul,
	year = {2001},
	pages = {1--12},
	file = {art%3A10.1007%2Fs002270100560.pdf:C\:\\Users\\Chantel.Wetzel\\AppData\\Roaming\\Zotero\\Zotero\\Profiles\\0u2lkieq.default\\zotero\\storage\\XAJBEBC5\\art%3A10.1007%2Fs002270100560.pdf:application/pdf}
}

@article{wetzel_performance_2017,
	title = {The performance and trade-offs of alternative harvest control rules to meet management goals for {U}.{S}. west coast flatfish stocks},
	volume = {187},
	issn = {01657836},
	url = {http://linkinghub.elsevier.com/retrieve/pii/S0165783616304040},
	doi = {10.1016/j.fishres.2016.11.019},
	language = {en},
	urldate = {2017-02-28},
	journal = {Fisheries Research},
	author = {Wetzel, Chantel R. and Punt, André},
	month = mar,
	year = {2017},
	pages = {139--149},
	file = {Wetzel and Punt - 2017 - The performance and trade-offs of alternative harv.pdf:C\:\\Users\\Chantel.Wetzel\\AppData\\Roaming\\Zotero\\Zotero\\Profiles\\0u2lkieq.default\\zotero\\storage\\4F7CH33C\\Wetzel and Punt - 2017 - The performance and trade-offs of alternative harv.pdf:application/pdf}
}

@inproceedings{hannah_age-modulated_2007,
	title = {Age-modulated variation in reproductive development of female {Pacific} {Ocean} perch (\textit{{Sebastes} alutus}) in waters off {Oregon}},
	isbn = {978-1-56612-114-9},
	url = {http://www.alaskaseagrant.org/bookstore/pubs/AK-SG-07-01.html},
	doi = {10.4027/bamnpr.2007.01},
	urldate = {2017-02-28},
	publisher = {Alaska Sea Grant, University of Alaska Fairbanks},
	author = {Hannah, R.W. and Parker, S.J.},
	month = jun,
	year = {2007},
	pages = {1--20},
	file = {Hanah_Parker_2017_Age-modulated variation i.pdf:C\:\\Users\\Chantel.Wetzel\\AppData\\Roaming\\Zotero\\Zotero\\Profiles\\0u2lkieq.default\\zotero\\storage\\BFCK4I7F\\Hanah_Parker_2017_Age-modulated variation i.pdf:application/pdf}
}

@article{conrath_reproductive_2013,
	title = {Reproductive {Biology} of {Pacific} {Ocean} {Perch} in the {Gulf} of {Alaska}},
	volume = {5},
	issn = {1942-5120},
	url = {http://www.tandfonline.com/doi/abs/10.1080/19425120.2012.751941},
	doi = {10.1080/19425120.2012.751941},
	language = {en},
	number = {1},
	urldate = {2017-02-28},
	journal = {Marine and Coastal Fisheries},
	author = {Conrath, Christina L. and Knoth, Brian},
	month = jan,
	year = {2013},
	pages = {21--27},
	file = {Reproductive Biology of Pacific Ocean Perch in the Gulf of Alaska.pdf:C\:\\Users\\Chantel.Wetzel\\AppData\\Roaming\\Zotero\\Zotero\\Profiles\\0u2lkieq.default\\zotero\\storage\\53QGTD3A\\Reproductive Biology of Pacific Ocean Perch in the Gulf of Alaska.pdf:application/pdf}
}

@article{tenbrink_reproductive_2013,
	title = {Reproductive {Biology} of {Pacific} {Ocean} {Perch} and {Northern} {Rockfish} in the {Aleutian} {Islands}},
	volume = {33},
	issn = {0275-5947, 1548-8675},
	url = {http://www.tandfonline.com/doi/abs/10.1080/02755947.2012.760505},
	doi = {10.1080/02755947.2012.760505},
	language = {en},
	number = {2},
	urldate = {2017-02-28},
	journal = {North American Journal of Fisheries Management},
	author = {TenBrink, Todd T. and Spencer, Paul D.},
	month = apr,
	year = {2013},
	pages = {373--383},
	file = {TenBrinkSpencer2013.pdf:C\:\\Users\\Chantel.Wetzel\\AppData\\Roaming\\Zotero\\Zotero\\Profiles\\0u2lkieq.default\\zotero\\storage\\EGUIIPSI\\TenBrinkSpencer2013.pdf:application/pdf}
}

@article{van_doornik_multiple_2008,
	title = {Multiple paternity is prevalent in {Pacific} ocean perch (\textit{{Sebastes} alutus}) off the {Oregon} coast, and is correlated with female size and age},
	volume = {83},
	issn = {0378-1909, 1573-5133},
	url = {http://link.springer.com/10.1007/s10641-008-9331-0},
	doi = {10.1007/s10641-008-9331-0},
	language = {en},
	number = {3},
	urldate = {2017-02-28},
	journal = {Environmental Biology of Fishes},
	author = {Van Doornik, Donald M. and Parker, Steven J. and Millard, Steven R. and Berntson, Ewann A. and Moran, Paul},
	month = nov,
	year = {2008},
	pages = {269--275},
	file = {VanDoornik_2008_MultPaternityPOP.pdf:C\:\\Users\\Chantel.Wetzel\\AppData\\Roaming\\Zotero\\Zotero\\Profiles\\0u2lkieq.default\\zotero\\storage\\UDGQJPGA\\VanDoornik_2008_MultPaternityPOP.pdf:application/pdf}
}

@article{tenbrink_reproductive_2013-1,
	title = {Reproductive {Biology} of {Pacific} {Ocean} {Perch} and {Northern} {Rockfish} in the {Aleutian} {Islands}},
	volume = {33},
	issn = {0275-5947, 1548-8675},
	url = {http://www.tandfonline.com/doi/abs/10.1080/02755947.2012.760505},
	doi = {10.1080/02755947.2012.760505},
	language = {en},
	number = {2},
	urldate = {2017-02-28},
	journal = {North American Journal of Fisheries Management},
	author = {TenBrink, Todd T. and Spencer, Paul D.},
	month = apr,
	year = {2013},
	pages = {373--383},
	file = {02755947.2012.pdf:C\:\\Users\\Chantel.Wetzel\\AppData\\Roaming\\Zotero\\Zotero\\Profiles\\0u2lkieq.default\\zotero\\storage\\3HXQB2GU\\02755947.2012.pdf:application/pdf}
}

@article{conrath_reproductive_2013-1,
	title = {Reproductive {Biology} of {Pacific} {Ocean} {Perch} in the {Gulf} of {Alaska}},
	volume = {5},
	issn = {1942-5120},
	url = {http://www.tandfonline.com/doi/abs/10.1080/19425120.2012.751941},
	doi = {10.1080/19425120.2012.751941},
	language = {en},
	number = {1},
	urldate = {2017-02-28},
	journal = {Marine and Coastal Fisheries},
	author = {Conrath, Christina L. and Knoth, Brian},
	month = jan,
	year = {2013},
	pages = {21--27},
	file = {19425120.2012.pdf:C\:\\Users\\Chantel.Wetzel\\AppData\\Roaming\\Zotero\\Zotero\\Profiles\\0u2lkieq.default\\zotero\\storage\\84U4TCK4\\19425120.2012.pdf:application/pdf}
}

@article{palof_geographic_2011,
	title = {Geographic structure in {Alaskan} {Pacific} ocean perch (\textit{{Sebastes} alutus}) indicates limited lifetime dispersal},
	volume = {158},
	issn = {0025-3162, 1432-1793},
	url = {http://link.springer.com/10.1007/s00227-010-1606-2},
	doi = {10.1007/s00227-010-1606-2},
	language = {en},
	number = {4},
	urldate = {2017-02-28},
	journal = {Marine Biology},
	author = {Palof, Katie J. and Heifetz, Jonathan and Gharrett, Anthony J.},
	month = apr,
	year = {2011},
	pages = {779--792},
	file = {art%3A10.1007%2Fs00227-010-1606-2.pdf:C\:\\Users\\Chantel.Wetzel\\AppData\\Roaming\\Zotero\\Zotero\\Profiles\\0u2lkieq.default\\zotero\\storage\\8VQMJDUA\\art%3A10.1007%2Fs00227-010-1606-2.pdf:application/pdf}
}

@article{kamin_interannual_2014,
	title = {Interannual and spatial variation in the population genetic composition of young-of-the-year {Pacific} ocean perch (\textit{{Sebastes} alutus}) in the {Gulf} of {Alaska}},
	volume = {23},
	issn = {1365-2419},
	url = {http://onlinelibrary.wiley.com/doi/10.1111/fog.12038/abstract},
	doi = {10.1111/fog.12038},
	abstract = {Little is known about the population structure of Alaskan rockfishes, including Pacific ocean perch (POP, Sebastes alutus), and how persistent and variable oceanographic features may influence their structures. Moreover, early life history information is sparse for many species. We used data from 14 microsatellite loci to characterize the genetic structure of young-of-the-year Pacific ocean perch collected during 1998–2003 from the Gulf of Alaska and Bering Sea. Broad-scale geographic variation in genetic structure of the young-of-the-year (FST = 0.005, P {\textless} 10−4) had similarities to that observed in a previous adult study. The overall correlation between genetic and geographic distance (isolation by distance) was nearly identical to that observed in the adults. Fine-scale geographic divergence was also observed and may be the result of oceanographic circulation features within the Gulf of Alaska. Interannual variation (between cohorts) at locations sampled in more than one year is consistent with variable oceanography and fine-scale population structure rather than the influence of a sweepstakes effect. The similarities of the young-of-the-year with the adults and the pattern of genetic divergence confirm that dispersal of Pacific ocean perch is limited in all life stages.},
	language = {en},
	number = {1},
	urldate = {2017-02-28},
	journal = {Fisheries Oceanography},
	author = {Kamin, Lisa M. and Palof, Katie J. and Heifetz, Jonathan and Gharrett, Anthony J.},
	month = jan,
	year = {2014},
	keywords = {Bering Sea, genetic structure, Gulf of Alaska, isolation-by-distance, microsatellites, oceanic currents, Pacific ocean perch, rockfish, young-of-the-year},
	pages = {1--17},
	file = {Full Text PDF:C\:\\Users\\Chantel.Wetzel\\AppData\\Roaming\\Zotero\\Zotero\\Profiles\\0u2lkieq.default\\zotero\\storage\\JZUE95MN\\Kamin et al. - 2014 - Interannual and spatial variation in the populatio.pdf:application/pdf;Snapshot:C\:\\Users\\Chantel.Wetzel\\AppData\\Roaming\\Zotero\\Zotero\\Profiles\\0u2lkieq.default\\zotero\\storage\\PP662V42\\abstract.html:text/html}
}

@article{rogers_numerical_1992,
	title = {Numerical definition of groundfish assemblages caught off the coasts of {Oregon} and {Washington} using commercial fishing strategies},
	volume = {49},
	number = {12},
	journal = {Canadian Journal of Fisheries and Aquatic Sciences},
	author = {Rogers, Jean Beyer and Pikitch, Ellen K.},
	year = {1992},
	pages = {2648--2656},
	file = {f92-293.pdf:C\:\\Users\\Chantel.Wetzel\\AppData\\Roaming\\Zotero\\Zotero\\Profiles\\0u2lkieq.default\\zotero\\storage\\6PPQ5K4J\\f92-293.pdf:application/pdf}
}

@article{weinberg_estimation_2002,
	title = {Estimation of tow distance and spatial heterogeneity using data from inclinometer sensors: an example using a clam survey dredge},
	volume = {55},
	issn = {0165-7836},
	shorttitle = {Estimation of tow distance and spatial heterogeneity using data from inclinometer sensors},
	url = {http://www.sciencedirect.com/science/article/pii/S0165783601002922},
	doi = {10.1016/S0165-7836(01)00292-2},
	abstract = {A major clam fishery in the USA is based on the Atlantic surfclam (Spisula solidissima) and ocean quahog (Arctica islandica). For stock assessment, the National Marine Fisheries Service (NMFS) has conducted surveys of these species with a standardized hydraulic clam dredge since 1980. The sampling procedure has been to tow the dredge for 5 min at 0.77 m/s (i.e., 1.5 kn), which gives a nominal tow distance of 232 m. This indirect calculation does not include any sampling that may take place when the dredge is being set out or retrieved. To get a direct estimate of distance sampled, we placed sensors and a camera on the dredge to monitor bottom contact and towing speed. A total of 70 tows was made in May 1997 across a range of depths, typical of those made during clam surveys, and at a range of tow speeds and scopes (i.e., ratio of tow line length to bottom depth). For each tow, we counted the number of clams captured and estimated the distance sampled based directly on the sensor data. Actual distance sampled per tow was often 1.5–3 times greater than the nominal distance (timed tow), and tow distance increased with water depth. This occurred because the dredge sampled the bottom when it was being set out and hauled back to the ship. Consideration of actual tow distance changed conclusions regarding the effect of scope on catch rate of surfclams. In addition, data on tow distance and catch per tow allowed us to examine the spatial heterogeneity of the two clam species using a negative binomial model. Our findings suggest that estimating tow distances directly can improve estimates of biomass in clam resource surveys.},
	number = {1–3},
	urldate = {2017-03-09},
	journal = {Fisheries Research},
	author = {Weinberg, James R. and Rago, Paul J. and Wakefield, W. Waldo and Keith, Charles},
	year = {2002},
	keywords = {Atlantic surfclam, Clam dredge, Ocean quahog, Spatial heterogeneity, Survey, Tow distance},
	pages = {49--61},
	file = {ScienceDirect Snapshot:C\:\\Users\\Chantel.Wetzel\\AppData\\Roaming\\Zotero\\Zotero\\Profiles\\0u2lkieq.default\\zotero\\storage\\32NPURS2\\S0165783601002922.html:text/html}
}

@techreport{bradburn_2003_2011,
	title = {The 2003 to 2008 {US} {West} {Coast} bottom trawl surveys of groundfish resources off {Washington}, {Oregon}, and {California}: estimates of distribution, abundance, length, and age composition},
	institution = {US Department of Commerce, National Oceanic and Atmospheric Administration, National Marine Fisheries Service},
	author = {Bradburn, M.J. and Keller, A.A and Horness, B.H.},
	year = {2011}
}

@article{zimmermann_influence_2003,
	title = {Influence of improved performance monitoring on the consistency of a bottom trawl survey},
	volume = {60},
	issn = {10543139},
	url = {https://academic.oup.com/icesjms/article-lookup/doi/10.1016/S1054-3139(03)00043-2},
	doi = {10.1016/S1054-3139(03)00043-2},
	language = {en},
	number = {4},
	urldate = {2017-03-10},
	journal = {ICES Journal of Marine Science},
	author = {Zimmermann, M and Wilkins, M.E. and Weinberg, K.L. and Lauth, R.R. and Shaw, F.R.},
	month = aug,
	year = {2003},
	pages = {818--826},
	file = {Zimmermann - 2003 - Influence of improved performance monitoring on th.pdf:C\:\\Users\\Chantel.Wetzel\\AppData\\Roaming\\Zotero\\Zotero\\Profiles\\0u2lkieq.default\\zotero\\storage\\5SPFA995\\Zimmermann - 2003 - Influence of improved performance monitoring on th.pdf:application/pdf}
}

@article{mcallister_bayesian_1997,
	title = {Bayesian stock assessment using catch-age data and the sampling - importance resampling algorithm},
	volume = {54},
	journal = {Canadian Journal of Fisheries and Aquatic Sciences},
	author = {McAllister, M. K. and Ianelli, J. N.},
	year = {1997},
	pages = {284--300},
	file = {f96-285.pdf:C\:\\Users\\Chantel.Wetzel\\AppData\\Roaming\\Zotero\\Zotero\\Profiles\\0u2lkieq.default\\zotero\\storage\\8KE96JUG\\f96-285.pdf:application/pdf}
}

@techreport{karnowski_historical_2014,
	address = {Oregon Department of Fish and Wildlife, Salem, OR},
	title = {Historical {Reconstruction} of {Oregon}’s {Commercial} {Fisheries} {Landings}},
	author = {Karnowski, M. and Gertseva, V.V. and Stephens, Andi},
	year = {2014}
}

@techreport{ralston_documentation_2010,
	title = {Documentation of the {California} catch reconstruction project},
	institution = {US Department of Commerce, National Oceanic and Atmospheric Adminstration, National Marine},
	author = {Ralston, Stephen and Pearson, Don E. and Field, John C. and Key, Meisha},
	year = {2010}
}

@article{then_evaluating_2015,
	title = {Evaluating the predictive performance of empirical estimators of natural mortality rate using information on over 200 fish species},
	volume = {72},
	issn = {1054-3139, 1095-9289},
	url = {https://academic.oup.com/icesjms/article-lookup/doi/10.1093/icesjms/fsu136},
	doi = {10.1093/icesjms/fsu136},
	language = {en},
	number = {1},
	urldate = {2017-03-17},
	journal = {ICES Journal of Marine Science},
	author = {Then, A. Y. and Hoenig, J. M. and Hall, N. G. and Hewitt, D. A.},
	month = jan,
	year = {2015},
	pages = {82--92},
	file = {Then et al. - 2015 - Evaluating the predictive performance of empirical.pdf:C\:\\Users\\Chantel.Wetzel\\AppData\\Roaming\\Zotero\\Zotero\\Profiles\\0u2lkieq.default\\zotero\\storage\\U2VIC4ND\\Then et al. - 2015 - Evaluating the predictive performance of empirical.pdf:application/pdf}
}

@article{thorson_implementing_2016,
	title = {Implementing a generic method for bias correction in statistical models using random effects, with spatial and population dynamics examples},
	volume = {175},
	issn = {01657836},
	url = {http://linkinghub.elsevier.com/retrieve/pii/S0165783615301399},
	doi = {10.1016/j.fishres.2015.11.016},
	language = {en},
	urldate = {2017-04-12},
	journal = {Fisheries Research},
	author = {Thorson, James T. and Kristensen, Kasper},
	month = mar,
	year = {2016},
	pages = {66--74},
	file = {Thorson and Kristensen - 2016 - Implementing a generic method for bias correction .pdf:C\:\\Users\\Chantel.Wetzel\\AppData\\Roaming\\Zotero\\Zotero\\Profiles\\0u2lkieq.default\\zotero\\storage\\URNDZPVD\\Thorson and Kristensen - 2016 - Implementing a generic method for bias correction .pdf:application/pdf}
}

@article{thorson_comparing_2017,
	title = {Comparing estimates of abundance trends and distribution shifts using single- and multispecies models of fishes and biogenic habitat},
	issn = {1054-3139, 1095-9289},
	url = {https://academic.oup.com/icesjms/article-lookup/doi/10.1093/icesjms/fsw193},
	doi = {10.1093/icesjms/fsw193},
	language = {en},
	urldate = {2017-04-15},
	journal = {ICES Journal of Marine Science: Journal du Conseil},
	author = {Thorson, James T. and Barnett, Lewis A. K.},
	month = jan,
	year = {2017},
	pages = {fsw193},
	file = {Thorson and Barnett - 2017 - Comparing estimates of abundance trends and distri.pdf:C\:\\Users\\Chantel.Wetzel\\AppData\\Roaming\\Zotero\\Zotero\\Profiles\\0u2lkieq.default\\zotero\\storage\\RMTENKQP\\Thorson and Barnett - 2017 - Comparing estimates of abundance trends and distri.pdf:application/pdf}
}

@article{thorson_nwfscageingerror:_2012,
	title = {{nwfscAgeingError}: a user interface in {R} for the {Punt} et al. (2008) method for calculating ageing error and imprecision.},
	journal = {Available from: http://github.com/nwfsc-assess/nwfscAgeingError/},
	author = {Thorson, J. T. and Stewart, Ian J. and Punt, A. E.},
	year = {2012}
}

@techreport{ianelli_status_1992,
	title = {Status and future prospects for the {Pacific} ocean perch resource in waters off {Washington} and {Oregon} as assessed in 1992},
	institution = {Pacific Fishery Management Council, 7700 Ambassador Place NE, Suite 200, Portland, OR 97220},
	author = {Ianelli, J. N. and Ito, Daniel H. and Wilkins, M.E.},
	year = {1992}
}

@article{helser_generalized_2004,
	title = {A generalized linear mixed model analysis of a multi-vessel fishery resource survey},
	volume = {70},
	author = {Helser, T.E. and Punt, A. E. and Methot, R. D.},
	year = {2004},
	pages = {251--264}
}

@article{kristensen_tmb:_2016,
	title = {{TMB}: {Automatic} {Differentiation} and {Laplace} {Approximation}},
	volume = {70},
	journal = {Journal of Statistical Software},
	author = {Kristensen, Kasper and Nielsen, A. and Berg, Casper W and Skaug, H. J. and Bell, B.M.},
	year = {2016},
	pages = {1--21}
}

@article{ianelli_simulation_2002,
	title = {Simulation {Analyses} {Testing} the {Robustness} of {Productivity} {Determinations} from {West} {Coast} {Pacific} {Ocean} {Perch} {Stock} {Assessment} {Data}},
	volume = {22},
	issn = {0275-5947, 1548-8675},
	url = {http://www.tandfonline.com/doi/abs/10.1577/1548-8675%282002%29022%3C0301%3ASATTRO%3E2.0.CO%3B2},
	doi = {10.1577/1548-8675(2002)022<0301:SATTRO>2.0.CO;2},
	language = {en},
	number = {1},
	urldate = {2017-05-08},
	journal = {North American Journal of Fisheries Management},
	author = {Ianelli, James N.},
	month = feb,
	year = {2002},
	pages = {301--310},
	file = {Simulation Analyses Testing the Robustness of Productivity Determinations from West Coast Pacific Ocean Perch Stock Assessment Data.pdf:C\:\\Users\\Chantel.Wetzel\\AppData\\Roaming\\Zotero\\Zotero\\Profiles\\0u2lkieq.default\\zotero\\storage\\BSRPGJDP\\Simulation Analyses Testing the Robustness of Productivity Determinations from West Coast Pacific Ocean Perch Stock Assessment Data.pdf:application/pdf}
}

@techreport{gertseva_status_2015,
	title = {Status of the darkblotched rockfish resource off the continental {U}.{S}. {Pacific} {Coast} in 2015},
	institution = {Pacific Fishery Management Council, 7700 Ambassador Place NE, Suite 200, Portland, OR 97220},
	author = {Gertseva, Vladlena and Matson, Sean and Councill, Elizabeth},
	year = {2015}
}

@techreport{hicks_status_2009,
	title = {Status of greenstriped rockfish (\textit{{Sebastes} elongatus}) along the outer coast of {California}, {Oregon}, and {Washington}},
	institution = {Pacific Fishery Management Council, 7700 Ambassador Place NE, Suite 200, Portland, OR 97220},
	author = {Hicks, Allan C. and Haltuch, M. A. and Wetzel, C. R.},
	year = {2009}
}

@techreport{field_status_2007,
	title = {Status of the {Chilipepper} rockfish, \textit{{Sebastes} goodei}, in 2007},
	institution = {Pacific Fishery Management Council, 7700 Ambassador Place NE, Suite 200, Portland, OR 97220},
	author = {Field, John C.},
	year = {2007}
}

@techreport{hicks_status_2015,
	title = {The status of {Widow} {Rockfish} (\textit{{Sebastes} entomelas}) along the {U}.{S}. west coast in 2015},
	institution = {Pacific Fishery Management Council, 7700 Ambassador Place NE, Suite 200, Portland, OR 97220},
	author = {Hicks, A. C. and Wetzel, C. R.},
	year = {2015}
}

@article{lee_effects_2017,
	title = {Effects of age-based movement on the estimation of growth assuming random-at-age or random-at-length data},
	volume = {90},
	issn = {1095-8649},
	url = {http://onlinelibrary.wiley.com/doi/10.1111/jfb.13177/abstract},
	doi = {10.1111/jfb.13177},
	abstract = {Simulation methods were used to generate paired data from a simulated population that included the age-based process of movement and the length-based process of gear selection. The age-based process caused bias in the estimates of growth parameters assuming random at length, even when relatively few age classes were affected. Methods that assumed random at age were biased by the subsequent inclusion of the length-based process of gear selection. Additional knowledge of the age structure of the sampled area is needed to ensure an unbiased estimate of the growth parameters when using the length-conditional approach in the presence of age-based movement. Estimates of the variability in the length-at-age relationship were better estimated with the length-conditional than the traditional method even when the assumptions of random at length were violated. Inclusion of paired observations of length and associated age inside the population dynamics model may be the most appropriate way of estimating growth.},
	language = {en},
	number = {1},
	journal = {Journal of Fish Biology},
	author = {Lee, H. H. and Thomas, L. R. and Piner, K. R. and Maunder, M. N.},
	month = jan,
	year = {2017},
	keywords = {age-based growth, gear selection, length-based growth, simulation, von Bertalanffy},
	pages = {222--235},
	file = {Full Text PDF:C\:\\Users\\Chantel.Wetzel\\AppData\\Roaming\\Zotero\\Zotero\\Profiles\\0u2lkieq.default\\zotero\\storage\\IDMASUME\\Lee et al. - 2017 - Effects of age-based movement on the estimation of.pdf:application/pdf;Snapshot:C\:\\Users\\Chantel.Wetzel\\AppData\\Roaming\\Zotero\\Zotero\\Profiles\\0u2lkieq.default\\zotero\\storage\\HF78S3C6\\abstract.html:text/html}
}

@techreport{edwards_pacific_2014,
	title = {Pacific {Ocean} {Perch} (\textit{ {Sebastes} alutus}) stock assessment for the west coast of {Vancouver} {Island}, {British} {Columbia}.},
	institution = {DFO Can. Sci. Advis. Sec. Res. Doc. 2013/093},
	author = {Edwards, A.M and Haigh, R. and Starr, P. J.},
	year = {2014},
	pages = {vi +135 p}
}